@online{NEU1,
  title   = {Lecture 11: Type Inference},
  author  = {Benjamin Lerner},
  course  = {CS 4410/6410: Compiler Design, Spring 2019},
  url     = {https://course.ccs.neu.edu/cs4410sp19/lec_type-inference_notes.html}
}

@online{Cornell,
  title   = {Lecture 26: Type Inference and Unification},
  author  = {Dexter Kozen},
  course  = {CS3110 Spring 11 : Data Structures and Functional Programming},
  url     = {https://www.cs.cornell.edu/courses/cs3110/2011sp/Lectures/lec26-type-inference/type-inference.htm}
}

@online{TypInferBlog,
  title   = {Type inference under the hood},
  author  = {Aleksandra Sikora},
  url     = {https://medium.com/@aleksandrasays/type-inference-under-the-hood-f0ebbeb005a3}
}

@online{ASTBlog,
  title   = {Leveling up one's parsing game with ASTs},
  author  = {Vaidehi Joshi},
  url     = {https://medium.com/basecs/leveling-up-ones-parsing-game-with-asts-d7a6fc2400ff}
}

@online{NEU2,
  title   = {Type Inference for ML},
  author  = {Tony Garnock-Jones},
  url     = {https://www.khoury.northeastern.edu/home/amal/course/7480-s12/inference-notes.pdf}
}